@incollection{girault90-1,
year={1990},
isbn={978-3-540-52770-1},
booktitle={The Navier-Stokes Equations Theory and Numerical Methods},
volume={1431},
series={Lecture Notes in Mathematics},
editor={Heywood, JohnG. and Masuda, Ky√ªya and Rautmann, Reimund and Solonnikov, VsevolodA.},
doi={10.1007/BFb0086071},
title={Curl-conforming finite element methods for Navier-Stokes equations with non-standard boundary conditions in $R^3$},
url={http://dx.doi.org/10.1007/BFb0086071},
publisher={Springer Berlin Heidelberg},
author={Girault, V.},
pages={201-218}
}

@article{Saks2005,
author = {Saks, Romen and Vanegas, Carmen Judith},
journal = {Electronic Journal of Differential Equations (EJDE) [electronic only]},
keywords = {curl operator; eigenvalues; Laplace operator; eigenfunctions},
language = {eng},
pages = {95-99},
publisher = {Southwest Texas State University, Department of Mathematics, San Marcos, TX; North Texas State University, Department of Mathematics, Denton},
title = {Solution of a spectral problem for the curl operator on a cylinder.},
url = {http://eudml.org/doc/129654},
volume = {2005},
year = {2005},
}